@MISC{schaefer,
	HOWPUBLISHED = "\url{https://www.ssi-schaefer.com/fr-fr}",
	AUTHOR = "{SSI SCHÄFER}",
	TITLE = "{SSI SCHÄFER en France}"
}

@MISC{schaeferHistory,
	HOWPUBLISHED = "\url{https://www.ssi-schaefer.com/fr-fr/a-propos-de-nous/histoire}",
	AUTHOR = "{SSI SCHÄFER}",
	TITLE = "{Histoire de l'entreprise SSI SCHÄFER}"
}

@book{schaeferFR,
	TITLE = {SSI SCHÄFER en France},
	AUTHOR = "{SSI SCHÄFER}",
	NOTE = {Document interne}
}

@book{schaeferMorpheus,
	TITLE = {SSI SCHÄFER vous propose sa suite logicielle MORPHEUS},
	AUTHOR = "{SSI SCHÄFER}",
	NOTE = {Document interne}
}

@MISC{morpheus,
	HOWPUBLISHED = "\url{https://morpheus-ssi-schaefer.fr/}",
	AUTHOR = "{SSI SCHÄFER}",
	TITLE = "{MORPHEUS by SSI SCHÄFER | Solutions WMS \& WCS}",
	NOTE = "Ancien site web de présentation de morpheus, il n'est aujourd'hui malheuresement plus accessible"
}

@MISC{wms,
	HOWPUBLISHED = "\url{https://wamas.fr/morpheus-wms/definition-wms-quest-ce-quun-wms/}",
	AUTHOR = "{SSI SCHÄFER}",
	TITLE = "{Définition WMS}"
}

@MISC{wcs,
	HOWPUBLISHED = "\url{https://wamas.fr/morpheus-wcs/definition-wcs-quest-ce-quun-wcs/}",
	AUTHOR = "{SSI SCHÄFER}",
	TITLE = "{Définition WCS}"
}

@MISC{screenshot,
	HOWPUBLISHED = "\url{https://morpheus-ssi-schaefer.fr}",
	AUTHOR = "{SSI SCHÄFER}",
	TITLE = "{Capture d'écran issu du site internet de l'entreprise}",
	NOTE = "Ancien site web de l'entreprise"
}

@MISC{scribbr:remerciements,
	HOWPUBLISHED = "\url{https://www.scribbr.fr/plan-memoire/remerciements-memoire/}",
	AUTHOR = "{Justine DEBRET - Scribbr}",
	TITLE = "{Remerciements de votre mémoire - Explications et exemples}"
}

@MISC{scribbr:introduction,
	HOWPUBLISHED = "\url{https://www.scribbr.fr/plan-memoire/introduction/}",
	AUTHOR = "{Justine DEBRET - Scribbr}",
	TITLE = "{Introduction de votre mémoire}"
}

@MISC{scribbr:plan,
	HOWPUBLISHED = "\url{https://www.scribbr.fr/category/plan-memoire/}",
	AUTHOR = "{Scribbr}",
	TITLE = "{Le plan d'un mémoire : quels éléments à intégrer ?}"
}

@MISC{scribbr:cadre_theorique,
	HOWPUBLISHED = "\url{https://www.scribbr.fr/plan-memoire/cadre-theorique-dun-memoire/}",
	AUTHOR = "{Bas SWAEN - Scribbr}",
	TITLE = "{Cadre Théorique d'un Mémoire - Contenu et Exemple}"
}

%------
@MISC{wikipedia:bibliotheque_logicielle,
	HOWPUBLISHED = "\url{https://fr.wikipedia.org/wiki/Biblioth\%C3\%A8que_logicielle}",
	AUTHOR = "Wikipedia",
	TITLE = "{Bibliothèque logicielle}"
}


@MISC{wikipedia:client_lourd,
	HOWPUBLISHED = "\url{https://fr.wikipedia.org/wiki/Client_lourd}",
	AUTHOR = "Wikipedia",
	TITLE = "{Client lourd}"
}

@MISC{wikipedia:application_web,
	HOWPUBLISHED = "\url{https://fr.wikipedia.org/wiki/Application_web}",
	AUTHOR = "Wikipedia",
	TITLE = {Application web}
}

@MISC{wikipedia:frontend_backend,
	HOWPUBLISHED = "\url{https://en.wikipedia.org/wiki/Frontend_and_backend}",
	AUTHOR = "Wikipedia",
	TITLE = "{Frontend and backend}"
}

@MISC{wikipedia:framework,
	HOWPUBLISHED = "\url{https://fr.wikipedia.org/wiki/Framework}",
	AUTHOR = "Wikipedia",
	TITLE = "{Framework}"
}

@MISC{wikipedia:crud,
	HOWPUBLISHED = "\url{https://fr.wikipedia.org/wiki/CRUD}",
	AUTHOR = "Wikipedia",
	TITLE = "{CRUD}"
}

@MISC{wikipedia:modele_v,
	HOWPUBLISHED = "\url{https://fr.wikipedia.org/wiki/Cycle_en_V}",
	AUTHOR = "Wikipedia",
	TITLE = "{Cycle en V}"
}

@MISC{wikipedia:api,
	HOWPUBLISHED = "\url{https://fr.wikipedia.org/wiki/Interface_de_programmation}",
	AUTHOR = "Wikipedia",
	TITLE = "{Interface de programmation}"
}

@MISC{wikipedia:rest,
	HOWPUBLISHED = "\url{https://fr.wikipedia.org/wiki/Representational_state_transfer}",
	AUTHOR = "Wikipedia",
	TITLE = "{Respresentational state transfer}"
}

@MISC{wikipedia:acces_internet,
	HOWPUBLISHED = "\url{https://fr.wikipedia.org/wiki/Acc\%C3\%A8s_\%C3\%A0_Internet}",
	AUTHOR = "Wikipedia",
	TITLE = "{Accès à Internet}"
}

@MISC{wikipedia:internet,
	HOWPUBLISHED = "\url{https://fr.wikipedia.org/wiki/Internet}",
	AUTHOR = "Wikipedia",
	TITLE = "{Internet}"
}

@MISC{wikipedia:plateforme_client_riche,
	HOWPUBLISHED = "\url{https://fr.wikipedia.org/wiki/Plateforme_client_riche}",
	AUTHOR = "Wikipedia",
	TITLE = "{Plateforme client riche}"
}

@MISC{wikipedia:client_informatique,
	HOWPUBLISHED = "\url{https://fr.wikipedia.org/wiki/Client_(informatique)}",
	AUTHOR = "Wikipedia",
	TITLE = "{Client (informatique)}"
}

@MISC{wikipedia:client_leger,
	HOWPUBLISHED = "\url{https://fr.wikipedia.org/wiki/Client_l\%C3\%A9ger}",
	AUTHOR = "Wikipedia",
	TITLE = "{Client léger}"
}

@MISC{scientific:app_master,
	HOWPUBLISHED = "\url{https://appmaster.io/fr/blog/application-de-bureau-ou-application-web-avantages-et-inconvenients}",
	AUTHOR = "AppMaster",
	TITLE = "{Application de bureau ou application Web : avantages et inconvénients}"
}

@MISC{scientific:eposaudio,
	HOWPUBLISHED = "\url{https://www.eposaudio.com/fr/fr/enterprise/insights/articles/thin-client-or-thick-client-whats-the-difference}",
	AUTHOR = "Eposaudio",
	TITLE = "{Client léger ou client lourd ? Quelle est la différence ?}"
}

@MISC{scientific:journal_net,
	HOWPUBLISHED = "\url{https://www.journaldunet.com/web-tech/developpeur/1142976-osez-le-client-lourd/}",
	AUTHOR = "{Ronny Guillaume - Journal du net}",
	TITLE = "{Osez le client lourd !}"
}

@MISC{scientific:profolus,
	HOWPUBLISHED = "\url{https://www.profolus.com/topics/thick-client-vs-thin-client-advantages-and-disadvantages/}",
	AUTHOR = "{Alex Ivankov - Profolus}",
	TITLE = "{Thick Client vs. Thin Client: Advantages and Disadvantages}"
}

@MISC{scientific:audiviklabs,
	HOWPUBLISHED = "\url{https://audviklabs.com/thin-client-vs-thick-client/}",
	AUTHOR = "AudvikLabs",
	TITLE = "{Thin Client vs. Thick Client}"
}

@MISC{scientific:minnalearn,
	HOWPUBLISHED = "\url{https://courses.minnalearn.com/fr/courses/digital-revolution/the-internet-and-connectivity-revolution/the-implications-of-connectivity-and-accessibility/}",
	AUTHOR = "MinnaLearn",
	TITLE = "{Les implications de la connectabilité et de l’accessibilité}"
}

@MISC{scientific:cyberpreventys,
	HOWPUBLISHED = "\url{https://www.cyberpreventys.com/conseils-informatique-cybersecurite/difference-internet-web/}",
	AUTHOR = "CyberPreventys",
	TITLE = "{Quelle est la différence entre Internet et Web ?}"
}

@MISC{scientific:techtarget,
	HOWPUBLISHED = "\url{https://www.techtarget.com/whatis/definition/fat-client-thick-client}",
	AUTHOR = "{Alexander S. Gillis - Techtarget}",
	TITLE = "{What is a thick client ?}"
}

@MISC{scientific:techgenix,
	HOWPUBLISHED = "\url{https://techgenix.com/thick-client-thin-client/}",
	AUTHOR = "{Ali Qamar - Techgenix}",
	TITLE = "{Thick Client vs. Thin Client: Choose The Best for Your Workflow}"
}

@MISC{scientific:baeldung,
	HOWPUBLISHED = "\url{https://www.baeldung.com/cs/distributed-systems-thin-vs-thick-clients}",
	AUTHOR = "{Georgios Nanos - Baeldung}",
	TITLE = "{Distributed Systems: Thin and Thick Clients}"
}

@MISC{scientific:ionos_client_lourd,
	HOWPUBLISHED = "\url{https://www.ionos.com/digitalguide/server/know-how/what-is-a-thick-client/}",
	AUTHOR = "Ionos",
	TITLE = "{What is a thick client?}"
}

@MISC{scientific:agence_scroll,
	HOWPUBLISHED = "\url{https://agence-scroll.com/blog/avantages-et-inconvenients-dune-application-web}",
	AUTHOR = "{Agence Scroll}",
	TITLE = "{Quels sont les avantages et les inconvénients d’une application web ?}"
}

@MISC{scientific:yeeply,
	HOWPUBLISHED = "\url{https://fr.yeeply.com/blog/developpement-d-application-web-pour-votre-site/}",
	AUTHOR = "Yeeply",
	TITLE = "{Pourquoi choisir le développement d’application web pour votre site ?}"
}

@MISC{scientific:digitiz,
	HOWPUBLISHED = "\url{https://digitiz.fr/blog/avantages-application-web-entreprise/}",
	AUTHOR = "Digitiz",
	TITLE = "{7 avantages à créer une application web pour votre entreprise}"
}

@MISC{scientific:hicones,
	HOWPUBLISHED = "\url{https://www.hicones.fr/avantages-et-inconvenients-dune-application-web-pour-votre-entreprise/}",
	AUTHOR = "Hicones",
	TITLE = "{Avantages et inconvénients d’une application web pour votre entreprise}"
}

@MISC{scientific:yourstory,
	HOWPUBLISHED = "\url{https://yourstory.com/mystory/top-five-pros-cons-custom-web-application}",
	AUTHOR = "{Arun Goyal - Your story }",
	TITLE = "{TOP 5 PROS AND CONS OF A CUSTOM WEB APPLICATION}"
}

@MISC{scientific:ionos_client_leger,
	HOWPUBLISHED = "\url{https://www.ionos.fr/digitalguide/serveur/know-how/quest-ce-quun-client-leger/}",
	AUTHOR = "Ionos",
	TITLE = "{Qu’est-ce qu’un client léger ?}"
}

@MISC{scientific:proofpoint,
	HOWPUBLISHED = "\url{https://www.proofpoint.com/fr/threat-reference/thin-client}",
	AUTHOR = "Proofpoint",
	TITLE = "{Qu'est-ce qu'un thin client ou client léger ?}"
}

@MISC{scientific:bluemind,
	HOWPUBLISHED = "\url{https://blog.bluemind.net/fr/webmail-ou-client-lourd-faut-il-vraiment-choisir/}",
	AUTHOR = "{Leslie Saladin - Bluemind}",
	TITLE = "{Webmail ou client lourd : faut il vraiment choisir ?}"
}

@MISC{wikipedia:teams,
	HOWPUBLISHED = "\url{https://fr.wikipedia.org/wiki/Microsoft_Teams}",
	AUTHOR = "Wikipedia",
	TITLE = "{Microsoft Teams}"
}

@MISC{wikipedia:outlook,
	HOWPUBLISHED = "\url{https://fr.wikipedia.org/wiki/Microsoft_Outlook}",
	AUTHOR = "Wikipedia",
	TITLE = "{Microsoft Outlook}"
}

@MISC{wikipedia:confluence,
	HOWPUBLISHED = "\url{https://fr.wikipedia.org/wiki/Confluence_(logiciel)}",
	AUTHOR = "Wikipedia",
	TITLE = "{Confluence (logiciel)}"
}

@MISC{methodologie:outils_technologiques:delphi,
	HOWPUBLISHED = "\url{https://fr.wikipedia.org/wiki/Delphi_(langage)}",
	AUTHOR = "Wikipedia",
	TITLE = "{Delphi (langage)}"
}

@MISC{methodologie:outils_technologiques:delphi:tms_software,
	HOWPUBLISHED = "\url{https://www.tmssoftware.com/site/about.asp}",
	AUTHOR = "{TMS Software}",
	TITLE = "{TMS Software | About}"
}

@MISC{methodologie:outils_technologiques:delphi:tms_web,
	HOWPUBLISHED = "\url{https://www.tmssoftware.com/site/tmswebcoreintro.asp}",
	AUTHOR = "{TMS Software}",
	TITLE = "{WEB framework \& components for Delphi \& Visual Studio Code | TMS Software}"
}

@MISC{wikipedia:html,
	HOWPUBLISHED = "\url{https://fr.wikipedia.org/wiki/Hypertext_Markup_Language}",
	AUTHOR = "Wikipedia",
	TITLE = "{Hypertext Markup Language}"
}

@MISC{wikipedia:css,
	HOWPUBLISHED = "\url{https://fr.wikipedia.org/wiki/Feuilles_de_style_en_cascade}",
	AUTHOR = "Wikipedia",
	TITLE = "{Feuilles de style en cascade}"
}

@MISC{wikipedia:sass,
	HOWPUBLISHED = "\url{https://fr.wikipedia.org/wiki/Sass_(langage)}",
	AUTHOR = "Wikipedia",
	TITLE = "{Sass (langage)}"
}

@MISC{wikipedia:javascript,
	HOWPUBLISHED = "\url{https://fr.wikipedia.org/wiki/JavaScript}",
	AUTHOR = "Wikipedia",
	TITLE = "{JavaScript}"
}

@MISC{wikipedia:typescript,
	HOWPUBLISHED = "\url{https://fr.wikipedia.org/wiki/TypeScript}",
	AUTHOR = "Wikipedia",
	TITLE = "{TypeScript}"
}

@MISC{wikipedia:react,
	HOWPUBLISHED = "\url{https://fr.wikipedia.org/wiki/React}",
	AUTHOR = "Wikipedia",
	TITLE = "{React}"
}

@MISC{devexpress,
	HOWPUBLISHED = "\url{https://js.devexpress.com/}",
	AUTHOR = "DevExpress",
	TITLE = "{DevExtreme - JavaScript UI Components for Angular, React, Vue and jQuery by DevExpress}"
}

@MISC{wikipedia:git,
	HOWPUBLISHED = "\url{https://fr.wikipedia.org/wiki/Git}",
	AUTHOR = "Wikipedia",
	TITLE = "{Git}"
}

@MISC{insomnia,
	HOWPUBLISHED = "\url{https://insomnia.rest/}",
	AUTHOR = "Insomnia",
	TITLE = "{The Collaborative API Development Platform - Insomnia}"
}

@MISC{wikipedia:mssql,
	HOWPUBLISHED = "\url{https://fr.wikipedia.org/wiki/Microsoft_SQL_Server}",
	AUTHOR = "Wikipedia",
	TITLE = "{Microsoft SQL Server}"
}


@MISC{wikipedia:mssqlstudio,
	HOWPUBLISHED = "\url{https://en.wikipedia.org/wiki/SQL_Server_Management_Studio}",
	AUTHOR = "Wikipedia",
	TITLE = "{SQL Server Management Studio}"
}


@MISC{wikipedia:vscode,
	HOWPUBLISHED = "\url{https://fr.wikipedia.org/wiki/Visual_Studio_Code}",
	AUTHOR = "Wikipedia",
	TITLE = "{Visual Studio Code}"
}


@MISC{wikipedia:modelio,
	HOWPUBLISHED = "\url{https://en.wikipedia.org/wiki/Modelio}",
	AUTHOR = "Wikipedia",
	TITLE = "{Modelio}"
}

@MISC{wikipedia:latex,
	HOWPUBLISHED = "\url{https://fr.wikipedia.org/wiki/LaTeX}",
	AUTHOR = "Wikipedia",
	TITLE = "{LaTeX}"
}

@MISC{wikipedia:edi,
	HOWPUBLISHED = "\url{https://fr.wikipedia.org/wiki/Environnement_de_d\%C3\%A9veloppement}",
	AUTHOR = "Wikipedia",
	TITLE = "{Environnement de développement}"
}

@MISC{wikipedia:langage_programmation,
	HOWPUBLISHED = "\url{https://fr.wikipedia.org/wiki/Langage_de_programmation}",
	AUTHOR = "Wikipedia",
	TITLE = "{Langage de programmation}"
}

@MISC{wikipedia:poo,
	HOWPUBLISHED = "\url{https://fr.wikipedia.org/wiki/Programmation_orient\%C3\%A9e_objet}",
	AUTHOR = "Wikipedia",
	TITLE = "{Programmation orientée objet}"
}

@MISC{wikipedia:hypertexte,
	HOWPUBLISHED = "\url{https://fr.wikipedia.org/wiki/LaTeX}",
	AUTHOR = "Wikipedia",
	TITLE = "{Hypertexte}"
}

@MISC{wikipedia:xml,
	HOWPUBLISHED = "\url{https://fr.wikipedia.org/wiki/Extensible_Markup_Language}",
	AUTHOR = "Wikipedia",
	TITLE = "{Extensible Markup Language}"
}

@MISC{wikipedia:opensource,
	HOWPUBLISHED = "\url{https://fr.wikipedia.org/wiki/Open_source}",
	AUTHOR = "Wikipedia",
	TITLE = "{Open source}"
}

@MISC{wikipedia:dom,
	HOWPUBLISHED = "\url{https://fr.wikipedia.org/wiki/Document_Object_Model}",
	AUTHOR = "Wikipedia",
	TITLE = "{Document Object Model}"
}

@MISC{wikipedia:mvc,
	HOWPUBLISHED = "\url{https://fr.wikipedia.org/wiki/Mod\%C3\%A8le-vue-contr\%C3\%B4leur}",
	AUTHOR = "Wikipedia",
	TITLE = "{Modèle-vue-contrôleur}"
}

@MISC{wikipedia:vcs,
	HOWPUBLISHED = "\url{https://fr.wikipedia.org/wiki/LaTeX}",
	AUTHOR = "Wikipedia",
	TITLE = "{LaTeX}"
}

@MISC{wikipedia:sgbd,
	HOWPUBLISHED = "\url{https://fr.wikipedia.org/wiki/Syst\%C3\%A8me_de_gestion_de_base_de_donn\%C3\%A9es}",
	AUTHOR = "Wikipedia",
	TITLE = "{Système de gestion de base de données}"
}

@MISC{wikipedia:uml,
	HOWPUBLISHED = "\url{https://fr.wikipedia.org/wiki/UML_(informatique)}",
	AUTHOR = "Wikipedia",
	TITLE = "{UML (informatique)}"
}

@MISC{wikipedia:erp,
	HOWPUBLISHED = "\url{https://fr.wikipedia.org/wiki/Progiciel_de_gestion_int\%C3\%A9gr\%C3\%A9}",
	AUTHOR = "Wikipedia",
	TITLE = "{Progiciel de gestion intégré}"
}

@MISC{wikipedia:vpn,
	HOWPUBLISHED = "\url{https://fr.wikipedia.org/wiki/R\%C3\%A9seau_priv\%C3\%A9_virtuel}",
	AUTHOR = "Wikipedia",
	TITLE = "{Réseau privé virtuel}"
}

@article{einstein,
    author = "Albert Einstein and Anthony Pineau",
    title = "{Zur Elektrodynamik bewegter K{\"o}rper}. ({German})
    [{On} the electrodynamics of moving bodies]",
    journal = "Annalen der Physik",
    volume = "322",
    number = "10",
    pages = "891--921",
    year = "1905",
    DOI = "http://dx.doi.org/10.1002/andp.19053221004",
    keywords = "physics"
}

@book{dirac,
    title = {The Principles of Quantum Mechanics},
    author = {Paul Adrien Maurice Dirac},
    isbn = {9780198520115},
    series = {International series of monographs on physics},
    year = {1981},
    publisher = {Clarendon Press},
    keywords = {physics}
}

@online{knuthwebsite,
    author = "Donald Knuth",
    title = "Knuth: Computers and Typesetting",
    url  = "http://www-cs-faculty.stanford.edu/~uno/abcde.html",
    addendum = "(accessed: 01.09.2016)",
    keywords = "latex,knuth"
}

@inbook{knuth-fa,
    author = "Donald E. Knuth",
    title = "Fundamental Algorithms",
    publisher = "Addison-Wesley",
    year = "1973",
    chapter = "1.2",
    keywords  = "knuth,programming"
}

@book{latexcompanion,
    title = {The Principles of Quantum Mechanics},
    author = {Paul Adrien Maurice Dirac},
    isbn = {9780198520115},
    series = {International series of monographs on physics},
    year = {1981},
    publisher = {Clarendon Press},
    keywords = {physics}
}

@book{ctan,
    title = {The Principles of Quantum Mechanics},
    author = {Paul Adrien Maurice Dirac},
    isbn = {9780198520115},
    series = {International series of monographs on physics},
    year = {1981},
    publisher = {Clarendon Press},
    keywords = {physics}
}