@MISC{schaefer,
	HOWPUBLISHED = "\url{https://www.ssi-schaefer.com/fr-fr}",
	AUTHOR = "SSI-SCHÄFER",
	TITLE = "{SSI SCHÄFER en France}",
	YEAR = "MAIN",
	NOTE = "Page consultée le 22/08/2022"
}

@MISC{morpheus,
    HOWPUBLISHED = "\url{https://morpheus-ssi-schaefer.fr/}",
    AUTHOR = "SSI-SCHÄFER",
    TITLE = "{MORPHEUS by SSI SCHÄFER | Solutions WMS \& WCS}",
	YEAR = "2005",
    NOTE = "Page consultée le 22/08/2022"
}

@MISC{wms,
    HOWPUBLISHED = "\url{https://morpheus-ssi-schaefer.fr/morpheus-wms/}",
    AUTHOR = "SSI-SCHÄFER",
    TITLE = "{Warehouse Management System}",
	YEAR = "WMS",
    NOTE = "Page consultée le 22/08/2022"
}

@MISC{wcs,
    HOWPUBLISHED = "\url{https://morpheus-ssi-schaefer.fr/morpheus-wcs/}",
    AUTHOR = "SSI-SCHÄFER",
    TITLE = "{Warehouse Control System}",
	YEAR = "WCS",
    NOTE = "Page consultée le 22/08/2022"
}

@MISC{screenshot,
    HOWPUBLISHED = "\url{https://morpheus-ssi-schaefer.fr}",
    AUTHOR = "SSI-SCHÄFER",
    TITLE = "{Capture d'écran issu du site internet de l'entreprise}",
	YEAR = "Capture",
    NOTE = "Page consultée le 22/08/2022"
}
@MISC{history,
    HOWPUBLISHED = "\url{https://www.ssi-schaefer.com/fr-fr/entreprise/l-historique-de-l-entreprise--153808}",
    AUTHOR = "SSI-SCHÄFER",
    TITLE = "{L’historique de l’entreprise}",
	YEAR = "HIST",
    NOTE = "Page consultée le 24/08/2022"
}

@book{schaeferFR,
    title = {SSI SCHÄFER en France},
    author = {SSI-SCHÄFER},
    year = {GRN},
    note = {Document interne}
}

@book{schaeferMorpheus,
    title = {SSI SCHÄFER vous propose sa suite logicielle MORPHEUS},
    author = {SSI-SCHÄFER},
    year = {MORP},
    note = {Document interne}
}



@article{einstein,
    author = "Albert Einstein and Anthony Pineau",
    title = "{Zur Elektrodynamik bewegter K{\"o}rper}. ({German})
    [{On} the electrodynamics of moving bodies]",
    journal = "Annalen der Physik",
    volume = "322",
    number = "10",
    pages = "891--921",
    year = "1905",
    DOI = "http://dx.doi.org/10.1002/andp.19053221004",
    keywords = "physics"
}

@book{dirac,
    title = {The Principles of Quantum Mechanics},
    author = {Paul Adrien Maurice Dirac},
    isbn = {9780198520115},
    series = {International series of monographs on physics},
    year = {1981},
    publisher = {Clarendon Press},
    keywords = {physics}
}

@online{knuthwebsite,
    author = "Donald Knuth",
    title = "Knuth: Computers and Typesetting",
    url  = "http://www-cs-faculty.stanford.edu/~uno/abcde.html",
    addendum = "(accessed: 01.09.2016)",
    keywords = "latex,knuth"
}

@inbook{knuth-fa,
    author = "Donald E. Knuth",
    title = "Fundamental Algorithms",
    publisher = "Addison-Wesley",
    year = "1973",
    chapter = "1.2",
    keywords  = "knuth,programming"
}

@book{latexcompanion,
    title = {The Principles of Quantum Mechanics},
    author = {Paul Adrien Maurice Dirac},
    isbn = {9780198520115},
    series = {International series of monographs on physics},
    year = {1981},
    publisher = {Clarendon Press},
    keywords = {physics}
}

@book{ctan,
    title = {The Principles of Quantum Mechanics},
    author = {Paul Adrien Maurice Dirac},
    isbn = {9780198520115},
    series = {International series of monographs on physics},
    year = {1981},
    publisher = {Clarendon Press},
    keywords = {physics}
}